@article{Matheja2013AEnvironment,
    title = {{A dynamic multi-channel speech enhancement system for distributed microphones in a car environment}},
    year = {2013},
    journal = {EURASIP Journal on Advances in Signal Processing},
    author = {Matheja, Timo and Buck, Markus and Fingscheidt, Tim},
    pages = {1--21},
    url = {http://link.springer.com/article/10.1186/1687-6180-2013-191}
}

@article{Rubio2007Two-microphoneEstimates,
    title = {{Two-microphone Voice Activity Detection based on the homogeneity of the direction of arrival estimates}},
    year = {2007},
    journal = {ICASSP, IEEE International Conference on Acoustics, Speech and Signal Processing - Proceedings},
    author = {Rubio, Juan E and Ishizuka, Kentaro and Sawada, Hiroshi and Araki, Shoko and Nakatani, Tomohiro and Fujimoto, Masakiyo},
    number = {November 2015},
    volume = {4},
    doi = {10.1109/ICASSP.2007.366930}
}

@article{Gerkmann2012UnbiasedDelay,
    title = {{Unbiased MMSE-Based Noise Power Estimation With Low Complexity and Low Tracking Delay}},
    year = {2012},
    author = {Gerkmann, Timo and Hendriks, Richard C},
    number = {4},
    pages = {1383--1393},
    volume = {20}
}

@article{Nelke2013DualProbability,
    title = {{Dual microphone noise PSD estimation for mobile phones in hands-free position exploiting the coherence and speech presence probability}},
    year = {2013},
    journal = {ICASSP, IEEE International Conference on Acoustics, Speech and Signal Processing - Proceedings},
    author = {Nelke, Christoph Matthias and Beaugeant, Christophe and Vary, Peter},
    number = {May},
    pages = {7279--7283},
    doi = {10.1109/ICASSP.2013.6639076}
}

@article{Meyer1997Multi-channelSubtraction,
    title = {{Multi-channel speech enhancement in a car environment using Wiener filtering and spectral subtraction}},
    year = {1997},
    journal = {1997 IEEE International Conference on Acoustics, Speech, and Signal Processing},
    author = {Meyer, J and Simmer, K U},
    number = {April},
    pages = {1167--1170},
    volume = {2},
    doi = {10.1109/ICASSP.1997.596150}
}

@article{Jeub2011RobustEstimation,
    title = {{Robust dual-channel noise power spectral density estimation}},
    year = {2011},
    journal = {Proc. European Signal},
    author = {Jeub, M and Nelke, C and Kr{\"{u}}ger, Hauke and Beaugeant, Christophe and Vary, Peter},
    number = {Eusipco},
    pages = {2304--2308},
    volume = {2},
    url = {http://www.ind.rwth-aachen.de/fileadmin/publications/jeub11c.pdf}
}

@article{Bourgeois2005ImplicitEnhancement,
    title = {{Implicit control of noise canceller for speech enhancement}},
    year = {2005},
    journal = {{\ldots} European Conference on {\ldots}},
    author = {Bourgeois, J and Freudenberger, Jürgen and Lathoud, Guillaume},
    number = {3},
    url = {http://www.isca-speech.org/archive/interspeech{\{}{\_}{\}}2005/i05{\{}{\_}{\}}2065.html{\{}{\textbackslash}textbackslash{\}}npapers2://publication/uuid/67B30F2A-2728-45AF-B940-CD9BD60EBA48}
}

@article{Yu2010AApplications,
    title = {{A post-filter for wideband speech beamforming in automotive applications}},
    year = {2010},
    journal = {14th International Symposium on Consumer Electronics},
    author = {Yu, Huajun and Fingscheidt, Tim},
    pages = {1--5}
}

@article{Bourgeois2004Frequency-domainCorrelation,
    title = {{Frequency-domain multichannel signal enhancement: minimum variance vs. minimum correlation}},
    year = {2004},
    journal = {Signal Processing Conference, 2004 12th European},
    author = {Bourgeois, Julien and Linhard, Klaus}
}

@article{Lotter2003SpeechEstimation,
    title = {{Speech Enhancement Using Spectral Amplitude Estimation}},
    year = {2003},
    author = {Lotter, Thomas},
    pages = {1147--1156}
}

@article{Araki2002EquivalenceBeamforming,
    title = {{Equivalence between frequency domain blind source separation and frequency domain adaptive beamforming}},
    year = {2002},
    journal = {IEEE International Conference on Acoustics Speech and Signal Processing},
    author = {Araki, Shoko and Makino, S and Mukai, R and Hinamoto, Y and Nishikawa, T and Saruwatari, H},
    number = {3},
    pages = {II-II},
    volume = {2},
    url = {http://ieeexplore.ieee.org/lpdocs/epic03/wrapper.htm?arnumber=1006110},
    doi = {10.1109/ICASSP.2002.1006110}
}

@article{Abdelaziz2005Real-TimeEnhancement,
    title = {{Real-Time Dual-Microphone Speech Enhancement}},
    year = {2005},
    author = {Abdelaziz, Trabelsi and Fran{\c{c}}ois-raymond, Boyer and Yvon, Savaria}
}

@article{JornAnemullerON-LINESOURCES,
    title = {{ON-LINE BLIND SEPARATION OFMOVING SOUND SOURCES}},
    journal = {Dept. of Physics, Graduate School in Psychoacoustics},
    author = {J{\"{o}}rn Anem{\"{u}}ller, Tino Gramss},
    pages = {1--4}
}

@article{N2012AFunction,
    title = {{A dual-microphone speech enhancement algorithm based on the coherence function}},
    year = {2012},
    journal = {IEEE Transactions on Audio, Speech and Language Processing},
    author = {N, Yousefian and P.C., Loizou},
    number = {2},
    pages = {599--609},
    volume = {20},
    url = {http://www.scopus.com/inward/record.url?eid=2-s2.0-83755174038{\{}{\&}{\}}partnerID=40{\{}{\&}{\}}md5=153f39bbd6d4b58ad9afd3c26e7d4cba},
    doi = {10.1109/TASL.2011.2162406}
}

@misc{MeyerSubtraction.pdf,
    title = {{Meyer, Simmer - 1997 - Multichannel speech enhancement in a car environment using wiener filtering and spectral subtraction.pdf}},
    author = {Joer Meyer, Klaus Uwe Simmer}
}

@article{Gerkmann2012UnbiasedDelayb,
    title = {{Unbiased MMSE-Based Noise Power Estimation With Low Complexity and Low Tracking Delay}},
    year = {2012},
    author = {Gerkmann, Timo and Hendriks, Richard C},
    number = {4},
    pages = {1383--1393},
    volume = {20}
}

@article{Ephraim1984SpeechEstimator,
    title = {{Speech Enhancement Using a Minimum Mean-Square Error Short-Time Spectral Amplitude Estimator}},
    year = {1984},
    journal = {IEEE Transactions on Acoustics, Speech, and Signal Processing},
    author = {Ephraim, Yariv and Malah, David},
    number = {6},
    pages = {1109--1121},
    volume = {32},
    doi = {10.1109/TASSP.1984.1164453}
}

@article{HetheringtonTheSystems,
    title = {{The Essentials of Automotive Hands - Free Systems}},
    journal = {Qnx},
    author = {Hetherington, Phil},
    pages = {1--12}
}

@article{Meyer1997Multi-channelSubtractionb,
    title = {{Multi-channel speech enhancement in a car environment using Wiener{\{}{\textbackslash}textbackslash{\}}nfiltering and spectral subtraction}},
    year = {1997},
    journal = {1997 IEEE International Conference on Acoustics, Speech, and Signal Processing},
    author = {Meyer, J and Simmer, K U},
    number = {April},
    pages = {1167--1170},
    volume = {2},
    doi = {10.1109/ICASSP.1997.596150}
}

@article{Jeub2011RobustEstimationb,
    title = {{Robust dual-channel noise power spectral density estimation}},
    year = {2011},
    journal = {Proc. European Signal},
    author = {Jeub, M and Nelke, C and Kr{\"{u}}ger, Hauke and Beaugeant, Christophe and Vary, Peter},
    number = {Eusipco},
    pages = {2304--2308},
    volume = {2},
    url = {http://www.ind.rwth-aachen.de/fileadmin/publications/jeub11c.pdf}
}

@article{Bourgeois2005ImplicitEnhancementb,
    title = {{Implicit control of noise canceller for speech enhancement}},
    year = {2005},
    journal = {{\ldots} European Conference on {\ldots}},
    author = {Bourgeois, J and Freudenberger, Jürgen and Lathoud, Guillaume},
    number = {3},
    url = {http://www.isca-speech.org/archive/interspeech{\{}{\_}{\}}2005/i05{\{}{\_}{\}}2065.html{\{}{\textbackslash}textbackslash{\}}npapers2://publication/uuid/67B30F2A-2728-45AF-B940-CD9BD60EBA48}
}

@article{Yu2010AApplicationsb,
    title = {{A post-filter for wideband speech beamforming in automotive applications}},
    year = {2010},
    journal = {14th International Symposium on Consumer Electronics},
    author = {Yu, Huajun and Fingscheidt, Tim},
    pages = {1--5}
}

@article{Benesty2013ADomain,
    title = {{A perspective on multichannel noise reduction in the time domain}},
    year = {2013},
    journal = {Applied Acoustics},
    author = {Benesty, Jacob and Souden, Mehrez and Chen, Jingdong},
    number = {3},
    pages = {343--355},
    volume = {74},
    publisher = {Elsevier Ltd},
    url = {http://dx.doi.org/10.1016/j.apacoust.2012.08.002},
    doi = {10.1016/j.apacoust.2012.08.002}
}

@article{Araki2002EquivalenceBeamformingb,
    title = {{Equivalence between frequency domain blind source separation and frequency domain adaptive beamforming}},
    year = {2002},
    journal = {IEEE International Conference on Acoustics Speech and Signal Processing},
    author = {Araki, Shoko and Makino, S and Mukai, R and Hinamoto, Y and Nishikawa, T and Saruwatari, H},
    number = {3},
    pages = {II-II},
    volume = {2},
    url = {http://ieeexplore.ieee.org/lpdocs/epic03/wrapper.htm?arnumber=1006110},
    doi = {10.1109/ICASSP.2002.1006110}
}

@article{Hendriks2010RichardDenmark,
    title = {{Richard C . Hendriks ∗ and Richard Heusdens Delft University of Technology , The Netherlands Oticon A / S , Denmark}},
    year = {2010},
    author = {Hendriks, R C and Tudelft, R Heusdens},
    number = {1},
    pages = {4266--4269},
    volume = {0}
}

@article{Araki2001FundamentalSpeech,
    title = {{Fundamental Limitation Of Frequency Domain Blind Source Separation For Convolved Mixture Of Speech}},
    year = {2001},
    journal = {IEEE Trans. Speech AudioProcess},
    author = {Araki, Shoko and Mukai, Shoji Makinoand Ryo and Nishikawa, Tsuyoki and Saruwatari, Hiroshi},
    number = {1},
    pages = {109--116}
}

@article{Pan2015AReduction,
    title = {{A multistage minimum variance distortionless response beamformer for noise reduction}},
    year = {2015},
    journal = {The Journal of the Acoustical Society of America},
    author = {Pan, Chao and Chen, Jingdong and Benesty, Jacob},
    number = {3},
    pages = {1377--1388},
    volume = {137},
    url = {http://scitation.aip.org/content/asa/journal/jasa/137/3/10.1121/1.4913459},
    doi = {10.1121/1.4913459}
}

@article{Abdelaziz2005Real-TimeEnhancementb,
    title = {{Real-Time Dual-Microphone Speech Enhancement}},
    year = {2005},
    author = {Abdelaziz, Trabelsi and Fran{\c{c}}ois-raymond, Boyer and Yvon, Savaria}
}

@article{N2012AFunctionb,
    title = {{A dual-microphone speech enhancement algorithm based on the coherence function}},
    year = {2012},
    journal = {IEEE Transactions on Audio, Speech and Language Processing},
    author = {N, Yousefian and P.C., Loizou},
    number = {2},
    pages = {599--609},
    volume = {20},
    url = {http://www.scopus.com/inward/record.url?eid=2-s2.0-83755174038{\{}{\&}{\}}partnerID=40{\{}{\&}{\}}md5=153f39bbd6d4b58ad9afd3c26e7d4cba},
    doi = {10.1109/TASL.2011.2162406}
}

@article{Linhard2004PassengerEnhancement,
    title = {{Passenger in-car communication enhancement}},
    year = {2004},
    journal = {Proceedings of EUSIPCO},
    author = {Linhard, Klaus and Freudenberger, Jürgen},
    pages = {21–24},
    volume = {4},
    url = {http://nguyendangbinh.org/Proceedings/EUSIPCO/2004/defevent/papers/cr1664.pdf}
}

@article{Rubio2007Two-microphoneEstimatesb,
    title = {{Two-microphone Voice Activity Detection based on the homogeneity of the direction of arrival estimates}},
    year = {2007},
    journal = {ICASSP, IEEE International Conference on Acoustics, Speech and Signal Processing - Proceedings},
    author = {Rubio, Juan E and Ishizuka, Kentaro and Sawada, Hiroshi and Araki, Shoko and Nakatani, Tomohiro and Fujimoto, Masakiyo},
    number = {November 2015},
    volume = {4},
    doi = {10.1109/ICASSP.2007.366930}
}

@article{Nelke2013DualProbabilityb,
    title = {{Dual microphone noise PSD estimation for mobile phones in hands-free position exploiting the coherence and speech presence probability}},
    year = {2013},
    journal = {ICASSP, IEEE International Conference on Acoustics, Speech and Signal Processing - Proceedings},
    author = {Nelke, Christoph Matthias and Beaugeant, Christophe and Vary, Peter},
    number = {May},
    pages = {7279--7283},
    doi = {10.1109/ICASSP.2013.6639076}
}

@article{Meyer1997Multi-channelSubtractionc,
    title = {{Multi-channel speech enhancement in a car environment using Wiener{\{}{\textbackslash}textbackslash{\}}nfiltering and spectral subtraction}},
    year = {1997},
    journal = {1997 IEEE International Conference on Acoustics, Speech, and Signal Processing},
    author = {Meyer, J and Simmer, K U},
    number = {April},
    pages = {1167--1170},
    volume = {2},
    doi = {10.1109/ICASSP.1997.596150}
}

@article{Bourgeois2004Frequency-domainCorrelationb,
    title = {{Frequency-domain multichannel signal enhancement: minimum variance vs. minimum correlation}},
    year = {2004},
    journal = {Signal Processing Conference, 2004 12th European},
    author = {Bourgeois, Julien and Linhard, Klaus}
}

@article{Lotter2003SpeechEstimationb,
    title = {{Speech Enhancement Using Spectral Amplitude Estimation}},
    year = {2003},
    author = {Lotter, Thomas},
    pages = {1147--1156}
}

@article{HetheringtonTheSystemsb,
    title = {{The Essentials of Automotive Hands - Free Systems}},
    journal = {Qnx},
    author = {Hetherington, Phil},
    pages = {1--12}
}

@article{Araki2002EquivalenceBeamformingc,
    title = {{Equivalence between frequency domain blind source separation and frequency domain adaptive beamforming}},
    year = {2002},
    journal = {IEEE International Conference on Acoustics Speech and Signal Processing},
    author = {Araki, Shoko and Makino, S and Mukai, R and Hinamoto, Y and Nishikawa, T and Saruwatari, H},
    number = {3},
    pages = {II-II},
    volume = {2},
    url = {http://ieeexplore.ieee.org/lpdocs/epic03/wrapper.htm?arnumber=1006110},
    doi = {10.1109/ICASSP.2002.1006110}
}

@article{JornAnemullerON-LINESOURCESb,
    title = {{ON-LINE BLIND SEPARATION OFMOVING SOUND SOURCES}},
    journal = {Dept. of Physics, Graduate School in Psychoacoustics},
    author = {J{\"{o}}rn Anem{\"{u}}ller, Tino Gramss},
    pages = {1--4}
}

@article{Abdelaziz2005Real-TimeEnhancementc,
    title = {{Real-Time Dual-Microphone Speech Enhancement}},
    year = {2005},
    author = {Abdelaziz, Trabelsi and Fran{\c{c}}ois-raymond, Boyer and Yvon, Savaria}
}

@article{Pan2015AReductionb,
    title = {{A multistage minimum variance distortionless response beamformer for noise reduction}},
    year = {2015},
    journal = {The Journal of the Acoustical Society of America},
    author = {Pan, Chao and Chen, Jingdong and Benesty, Jacob},
    number = {3},
    pages = {1377--1388},
    volume = {137},
    url = {http://scitation.aip.org/content/asa/journal/jasa/137/3/10.1121/1.4913459},
    doi = {10.1121/1.4913459}
}

@article{Yu2010AApplicationsc,
    title = {{A post-filter for wideband speech beamforming in automotive applications}},
    year = {2010},
    journal = {14th International Symposium on Consumer Electronics},
    author = {Yu, Huajun and Fingscheidt, Tim},
    pages = {1--5}
}

@article{Gerkmann2011NoisePresence,
    title = {{Noise power estimation based on the probability of speech presence}},
    year = {2011},
    journal = {IEEE Workshop on Applications of Signal Procesing to Audio and Acoustics},
    author = {Gerkmann, Timo and Hendriks, Richard C},
    pages = {145--148},
    doi = {10.1109/ASPAA.2011.6082266}
}

@article{Benesty2013ADomainb,
    title = {{A perspective on multichannel noise reduction in the time domain}},
    year = {2013},
    journal = {Applied Acoustics},
    author = {Benesty, Jacob and Souden, Mehrez and Chen, Jingdong},
    number = {3},
    pages = {343--355},
    volume = {74},
    publisher = {Elsevier Ltd},
    url = {http://dx.doi.org/10.1016/j.apacoust.2012.08.002},
    doi = {10.1016/j.apacoust.2012.08.002}
}

@article{Lotter2006Dual-channelBeamforming,
    title = {{Dual-channel speech enhancement by superdirective beamforming}},
    year = {2006},
    journal = {Eurasip Journal on Applied Signal Processing},
    author = {Lotter, Thomas and Vary, Peter},
    pages = {1--14},
    volume = {2006},
    doi = {10.1155/ASP/2006/63297}
}

@book{Yu2013Post-FilterEnhancement,
    title = {{Post-Filter Optimization for Multichannel Automotive Speech Enhancement}},
    year = {2013},
    author = {Yu, Huajun}
}

@article{Yong2013,
    title = {{Incorporating multi-channel Wiener filter with single-channel speech enhancement algorithm}},
    year = {2013},
    journal = {ICASSP, IEEE International Conference on Acoustics, Speech and Signal Processing - Proceedings},
    author = {Yong, Pei Chee and Nordholm, Sven and Dam, Hai Huyen and Leung, Yee Hong and Lai, Chiong Ching},
    pages = {7284--7288},
    isbn = {9781479903566},
    doi = {10.1109/ICASSP.2013.6639077},
    issn = {15206149},
    keywords = {Multi-channel Wiener filter, single-channel noise reduction, speech enhancement}
}

@article{Bourgeois2005ImplicitEnhancementc,
    title = {{Implicit control of noise canceller for speech enhancement}},
    year = {2005},
    journal = {{\ldots} European Conference on {\ldots}},
    author = {Bourgeois, J and Freudenberger, Jürgen and Lathoud, Guillaume},
    number = {3},
    url = {http://www.isca-speech.org/archive/interspeech{\{}{\_}{\}}2005/i05{\{}{\_}{\}}2065.html{\{}{\textbackslash}textbackslash{\}}npapers2://publication/uuid/67B30F2A-2728-45AF-B940-CD9BD60EBA48}
}

@article{Araki2001FundamentalSpeechb,
    title = {{Fundamental Limitation Of Frequency Domain Blind Source Separation For Convolved Mixture Of Speech}},
    year = {2001},
    journal = {IEEE Trans. Speech AudioProcess},
    author = {Araki, Shoko and Mukai, Shoji Makinoand Ryo and Nishikawa, Tsuyoki and Saruwatari, Hiroshi},
    number = {1},
    pages = {109--116}
}

@article{Jeub2011RobustEstimationc,
    title = {{Robust dual-channel noise power spectral density estimation}},
    year = {2011},
    journal = {Proc. European Signal},
    author = {Jeub, M and Nelke, C and Kr{\"{u}}ger, Hauke and Beaugeant, Christophe and Vary, Peter},
    number = {Eusipco},
    pages = {2304--2308},
    volume = {2},
    url = {http://www.ind.rwth-aachen.de/fileadmin/publications/jeub11c.pdf}
}

@article{Ephraim1985SpeechEstimator,
    title = {{Speech Enhancement Using a Minimum Mean-Square Error Short-Time Spectral Amplitude Estimator}},
    year = {1985},
    journal = {IEEE Transactions on Acoustics, Speech, and Signal Processing},
    author = {Ephraim, Yariv and Malah, David},
    number = {6},
    pages = {1109--1121},
    volume = {32},
    doi = {10.1109/TASSP.1985.1164453}
}

@article{Rosca2002MultichannelEnvironments,
    title = {{Multichannel voice detection in adverse environments}},
    year = {2002},
    journal = {of EUSIPCO 2002},
    author = {Rosca, J and Balan, R and Fan, Np and Beaugeant, C and Gilg, V},
    number = {2},
    pages = {2--5},
    volume = {1},
    url = {http://www.cs.rochester.edu/u/www/u/rosca/preprints/2002/eusipco2002mvd.pdf}
}

@misc{SpeechEstimator.pdf,
    title = {{Speech enhancement using a minimum mean square error log-spectral amplitude estimator.pdf}}
}

@article{Matheja2013AEnvironmentb,
    title = {{A dynamic multi-channel speech enhancement system for distributed microphones in a car environment}},
    year = {2013},
    journal = {EURASIP Journal on Advances in Signal Processing},
    author = {Matheja, Timo and Buck, Markus and Fingscheidt, Tim},
    pages = {1--21},
    url = {http://link.springer.com/article/10.1186/1687-6180-2013-191}
}

@misc{MeyerSubtraction.pdfb,
    title = {{Meyer, Simmer - 1997 - Multichannel speech enhancement in a car environment using wiener filtering and spectral subtraction.pdf}}
}

@article{Faneuff2002SpatialCar,
    title = {{Spatial, Spectral, and Perceptual Nonlinear Noise Reduction for Hands-free Microphones in a Car}},
    year = {2002},
    author = {Faneuff, Jeffery J},
    number = {July}
}

@article{Mei2006BlindCriterion,
    title = {{Blind source separation based on time-domain optimization of a frequency-domain independence criterion}},
    year = {2006},
    journal = {IEEE Transactions on Audio, Speech and Language Processing},
    author = {Mei, Tiemin and Xi, Jiangtao and Yin, Fuliang and Mertins, Alfred and Chicharo, Joe F},
    number = {6},
    pages = {2075--2085},
    volume = {14},
    doi = {10.1109/TASL.2006.872623}
}

@article{Gerkmann2012UnbiasedDelayc,
    title = {{Unbiased MMSE-Based Noise Power Estimation With Low Complexity and Low Tracking Delay}},
    year = {2012},
    author = {Gerkmann, Timo and Hendriks, Richard C},
    number = {4},
    pages = {1383--1393},
    volume = {20}
}

@book{Yu2013Post-FilterEnhancementb,
    title = {{Post-Filter Optimization for Multichannel Automotive Speech Enhancement}},
    year = {2013},
    author = {Yu, Huajun},
    isbn = {9783844023794}
}

@article{Nelke2013DualProbabilityc,
    title = {{Dual microphone noise PSD estimation for mobile phones in hands-free position exploiting the coherence and speech presence probability}},
    year = {2013},
    journal = {ICASSP, IEEE International Conference on Acoustics, Speech and Signal Processing - Proceedings},
    author = {Nelke, Christoph Matthias and Beaugeant, Christophe and Vary, Peter},
    number = {May},
    pages = {7279--7283},
    isbn = {9781479903566},
    doi = {10.1109/ICASSP.2013.6639076},
    issn = {15206149},
    keywords = {coherence estimation, dual microphone noise PSD estimation, noise reduction, speech enhancement}
}

@article{Rosca2002MultichannelEnvironmentsb,
    title = {{Multichannel voice detection in adverse environments}},
    year = {2002},
    journal = {of EUSIPCO 2002},
    author = {Rosca, J and Balan, R and Fan, Np and Beaugeant, C and Gilg, V},
    number = {2},
    pages = {2--5},
    volume = {1},
    url = {http://www.cs.rochester.edu/u/www/u/rosca/preprints/2002/eusipco2002mvd.pdf}
}

@article{HetheringtonTheSystemsc,
    title = {{The Essentials of Automotive Hands - Free Systems}},
    journal = {Qnx},
    author = {Hetherington, Phil},
    pages = {1--12}
}

@article{Yu2010AApplicationsd,
    title = {{A post-filter for wideband speech beamforming in automotive applications}},
    year = {2010},
    journal = {14th International Symposium on Consumer Electronics},
    author = {Yu, Huajun and Fingscheidt, Tim},
    pages = {1--5},
    isbn = {9781424466733}
}

@article{Benesty2013ADomainc,
    title = {{A perspective on multichannel noise reduction in the time domain}},
    year = {2013},
    journal = {Applied Acoustics},
    author = {Benesty, Jacob and Souden, Mehrez and Chen, Jingdong},
    number = {3},
    pages = {343--355},
    volume = {74},
    publisher = {Elsevier Ltd},
    url = {http://dx.doi.org/10.1016/j.apacoust.2012.08.002},
    isbn = {9781457708947},
    doi = {10.1016/j.apacoust.2012.08.002},
    issn = {0003682X},
    keywords = {Beamforming, Linearly constrained minimum variance (LCMV) filte, Microphone array, Minimum variance distortionless response (MVDR) fi, Noise reduction, Space-time (ST) prediction filter, Speech enhancement, Tradeoff filter, Wiener filter}
}

@article{Lotter2006Dual-channelBeamformingb,
    title = {{Dual-channel speech enhancement by superdirective beamforming}},
    year = {2006},
    journal = {Eurasip Journal on Applied Signal Processing},
    author = {Lotter, Thomas and Vary, Peter},
    pages = {1--14},
    volume = {2006},
    isbn = {1110-8657},
    doi = {10.1155/ASP/2006/63297},
    issn = {11108657}
}

@article{Lotter2003SpeechEstimationc,
    title = {{Speech Enhancement Using Spectral Amplitude Estimation}},
    year = {2003},
    author = {Lotter, Thomas},
    pages = {1147--1156},
    keywords = {and phrases, microphone arrays, spectral amplitude estimation, speech enhancement}
}

@article{Hendriks2010MMSELOWCOMPLEXITY,
    title = {{MMSE BASED NOISE PSD TRACKING WITH LOWCOMPLEXITY}},
    year = {2010},
    author = {Hendriks, R C and Tudelft, R Heusdens},
    number = {1},
    pages = {4266--4269},
    volume = {0},
    isbn = {9781424442966}
}

@article{Mei2006BlindCriterionb,
    title = {{Blind source separation based on time-domain optimization of a frequency-domain independence criterion}},
    year = {2006},
    journal = {IEEE Transactions on Audio, Speech and Language Processing},
    author = {Mei, Tiemin and Xi, Jiangtao and Yin, Fuliang and Mertins, Alfred and Chicharo, Joe F.},
    number = {6},
    pages = {2075--2085},
    volume = {14},
    doi = {10.1109/TASL.2006.872623},
    issn = {15587916},
    keywords = {Blind source separation (BSS), Convolutive mixtures, Frequency domain, Integrated objective function, Kullback Leibler divergence}
}

@article{Linhard2004PassengerEnhancementb,
    title = {{Passenger in-car communication enhancement}},
    year = {2004},
    journal = {Proceedings of EUSIPCO},
    author = {Linhard, Klaus and Freudenberger, Jürgen},
    pages = {21–24},
    volume = {4},
    url = {http://nguyendangbinh.org/Proceedings/EUSIPCO/2004/defevent/papers/cr1664.pdf}
}

@article{Araki2001FundamentalSpeechc,
    title = {{Fundamental Limitation Of Frequency Domain Blind Source Separation For Convolved Mixture Of Speech}},
    year = {2001},
    journal = {IEEE Trans. Speech AudioProcess},
    author = {Araki, Shoko and Mukai, Shoji Makinoand Ryo and Nishikawa, Tsuyoki and Saruwatari, Hiroshi},
    number = {1},
    pages = {109--116}
}

@article{Pan2015AReductionc,
    title = {{A multistage minimum variance distortionless response beamformer for noise reduction}},
    year = {2015},
    journal = {The Journal of the Acoustical Society of America},
    author = {Pan, Chao and Chen, Jingdong and Benesty, Jacob},
    number = {3},
    pages = {1377--1388},
    volume = {137},
    url = {http://scitation.aip.org/content/asa/journal/jasa/137/3/10.1121/1.4913459},
    doi = {10.1121/1.4913459},
    issn = {0001-4966}
}

@article{Smaragdis1998BlindDomain,
    title = {{Blind separation of convolved mixtures in the frequency domain}},
    year = {1998},
    journal = {Neurocomputing},
    author = {Smaragdis, Paris},
    number = {1-3},
    pages = {21--34},
    volume = {22},
    isbn = {0925-2312},
    doi = {10.1016/S0925-2312(98)00047-2},
    issn = {09252312},
    keywords = {Convolved mixtures, Frequency domain, Information theoretic algorithms, Separation}
}

@article{Dong2014BlindEntropy,
    title = {{Blind separation of sound sources from the principle of least spatial entropy}},
    year = {2014},
    journal = {Journal of Sound and Vibration},
    author = {Dong, Bin and Antoni, J??r??me and Zhang, Erliang},
    number = {9},
    pages = {2643--2668},
    volume = {333},
    isbn = {0022-460X},
    doi = {10.1016/j.jsv.2013.12.011},
    issn = {0022460X}
}

@article{Faneuff2002SpatialCarb,
    title = {{Spatial, Spectral, and Perceptual Nonlinear Noise Reduction for Hands-free Microphones in a Car}},
    year = {2002},
    author = {Faneuff, Jeffery J},
    number = {July},
    keywords = {Noise reduction, speech, spectral subtraction}
}

@article{N2012AFunctionc,
    title = {{A dual-microphone speech enhancement algorithm based on the coherence function}},
    year = {2012},
    journal = {IEEE Transactions on Audio, Speech and Language Processing},
    author = {N, Yousefian and P.C., Loizou},
    number = {2},
    pages = {599--609},
    volume = {20},
    url = {http://www.scopus.com/inward/record.url?eid=2-s2.0-83755174038{\&}partnerID=40{\&}md5=153f39bbd6d4b58ad9afd3c26e7d4cba},
    doi = {10.1109/TASL.2011.2162406},
    issn = {15587916 (ISSN)},
    keywords = {Acoustic noise measurement, Algorithms, Audition, Beamforming, Beamforming algorithms, Cochlear implants, Coherence function, Coherent light, Coherent noise, Enhancement techniques, Hearing aid, Hearing aids, Highly-correlated, Interfering sources, Listening tests, Microphones, Noise reductions, Noise signals, Noise source, Noise statistics, Normal-hearing listeners, Quality control, Quality evaluation, Quality improvement, Speech enhancement, Speech enhancement algorithm, Speech intelligibility, coherent noise, microphone array, noise reduction}
}

@misc{MeyerSubtraction.pdfc,
    title = {{Meyer, Simmer - 1997 - Multichannel speech enhancement in a car environment using wiener filtering and spectral subtraction.pdf}}
}

@article{Erkelens2008OnParts,
    title = {{On the estimation of complex speech DFT coefficients without assuming independent real and imaginary parts}},
    year = {2008},
    journal = {IEEE Signal Processing Letters},
    author = {Erkelens, Jan S. and Hendriks, Richard C. and Heusdens, Richard},
    pages = {213--216},
    volume = {15},
    doi = {10.1109/LSP.2007.911730},
    issn = {10709908},
    keywords = {Complex-discrete Fourier transform (DFT) estimator, Independence assumption, Minimum mean-square error estimation}
}

@article{Marauardt2013CoherenceAids,
    title = {{Coherence preservation in multi-channel Wiener filtering based noise reduction for binaural hearing aids}},
    year = {2013},
    journal = {Proc. of IEEE Int. Conf. Acoust., Speech, Signal Process. (ICASSP)},
    author = {Marauardt, Daniel and Hohmann, Volker and Doclo, Simon},
    number = {12},
    pages = {8648--8652},
    volume = {23},
    isbn = {9781479928934}
}

@article{DanielMarquardtVolkerHohmann2014PERCEPTUALLYOldenbu,
    title = {{PERCEPTUALLY MOTIVATED COHERENCE PRESERVATION IN MULTI-CHANNEL WIENER FILTERING BASED NOISE REDUCTION FOR BINAURAL HEARING AIDS Daniel Marquardt , Volker Hohmann , Simon Doclo University of Oldenburg , Department of Medical Physics and Acoustics , Oldenbu}},
    year = {2014},
    journal = {2014 IEEE International Conference on Acoustic, Speech and Signal Processing (ICASSP) PERCEPTUALLYMOTIVATED},
    author = {Daniel Marquardt, Volker Hohmann, Simon Doclo},
    pages = {3688--3692},
    isbn = {9781479928934}
}

@article{Nelke2014DualCoherence,
    title = {{Dual Microphone Wind Noise Reduction by Exploiting the Complex Coherence}},
    year = {2014},
    journal = {11. ITG Symposium; Proceedings of Speech Communication},
    author = {Nelke, Christoph Matthias and Vary, Peter},
    number = {September},
    pages = {1--4},
    volume = {2},
    isbn = {9783800736409}
}

@article{Jeub2011BLINDHttp://www.ind.rwth-aachen.de/bib/jeub11d,
    title = {{BLIND ESTIMATION OF THE COHERENT-TO-DIFFUSE ENERGY RATIO FROM NOISY SPEECH SIGNALS Matlab implementation of the DRR estimator : http://www.ind.rwth-aachen.de/{\~{}}bib/jeub11d}},
    year = {2011},
    author = {Jeub, Marco and Nelke, Christoph and Beaugeant, Christophe and Vary, Peter},
    number = {Eusipco},
    pages = {1347--1351},
    volume = {2},
    keywords = {DRR estimation, coherent noise, diffuse noise, aco, aco, coherent noise, diffuse noise}
}

@article{Grimm2009IncreaseScheme,
    title = {{Increase and Subjective Evaluation of Feedback Stability in Hearing Aids by a Binaural Coherence-Based Noise Reduction Scheme}},
    year = {2009},
    journal = {IEEE Transactions on Audio, Speech, and Language Processing},
    author = {Grimm, G. and Hohmann, V. and Kollmeier, B.},
    number = {7},
    pages = {1408--1419},
    volume = {17},
    doi = {10.1109/TASL.2009.2020531},
    issn = {1558-7916},
    keywords = {Binaural hearing aid, coherence filter, feedback reduction}
}

@article{Yousefian2010AApplications,
    title = {{A coherence-based algorithm for noise reduction in dual-microphone applications}},
    year = {2010},
    journal = {European Signal Processing Conference},
    author = {Yousefian, Nima and Kokkinakis, Kostas and Loizou, Philipos C.},
    number = {2},
    pages = {1904--1908},
    issn = {22195491}
}

@article{Lai2014AMicrophones,
    title = {{A novel coherence-function-based noise suppression algorithm by applying sound-source localization and awareness-computation strategy for dual microphones}},
    year = {2014},
    journal = {Proceedings - 2014 10th International Conference on Intelligent Information Hiding and Multimedia Signal Processing, IIH-MSP 2014},
    author = {Lai, Shin Chi and Lai, Hsu Cheng and Hong, Feng Chung and Lin, Huan Ru and Lei, Sheau Fang},
    pages = {313--316},
    isbn = {9781479953905},
    doi = {10.1109/IIH-MSP.2014.84},
    keywords = {awareness computation, coherence, noise suppression, weighted overlap-add filterbank}
}

@article{Yu2012AFunctions,
    title = {{A Beamformer Post-Filter with Hybrid Noise Coherence Functions Instrumentally Optimized Using a Figure of Merit 1 Introduction 2 Baseline Multichannel Speech 3 Hybrid Noise Coherence Functions}},
    year = {2012},
    author = {Yu, Huajun and Fingscheidt, Tim},
    pages = {26--29},
    isbn = {9783800734559}
}

@article{Yiming2015VoiceMethod,
    title = {{Voice Activity Detection Based on the Improved Dual-Threshold Method}},
    year = {2015},
    journal = {2015 International Conference on Intelligent Transportation, Big Data and Smart City},
    author = {Yiming, Sun and Rui, Wang},
    pages = {996--999},
    url = {http://ieeexplore.ieee.org/lpdocs/epic03/wrapper.htm?arnumber=7384198},
    isbn = {978-1-5090-0464-5},
    doi = {10.1109/ICITBS.2015.252},
    keywords = {- dual-threshold voice activity, detection short-, rate, term energy short-term zero}
}

@article{Kang2014AdaptiveAnalysis,
    title = {{Adaptive EEG noise filtering for coherence analysis}},
    year = {2014},
    journal = {2014 International Winter Workshop on Brain-Computer Interface (BCI)},
    author = {Kang, Jun-Su and Kavuri, Swati and Lee, Minho},
    pages = {1--4},
    url = {http://ieeexplore.ieee.org/lpdocs/epic03/wrapper.htm?arnumber=6782569},
    isbn = {978-1-4799-2588-9},
    doi = {10.1109/iww-BCI.2014.6782569},
    keywords = {- eeg noise removal, adaptive filter, analysis, coherence, exponential analysis, independent component}
}

@article{Struijk2014CoherenceECG,
    title = {{Coherence as a Measure of Noise in the ECG}},
    year = {2014},
    journal = {Computing in Cardiology, 2014},
    author = {Struijk, Johmmes J and Graffl, Claus and Kanters, Jrgen K and Schmidt, Samuel},
    pages = {37--39}
}

@article{Prabhakaran.GIndra.J2014TamilSubtraction,
    title = {{Tamil Speech Enhancement Using Non-Linear Spectral Subtraction}},
    year = {2014},
    author = {Prabhakaran.G, Indra.J, Kasthuri.N},
    pages = {1482--1485},
    isbn = {9781479933587}
}

@article{Erkelens2008OnPartsb,
    title = {{On the estimation of complex speech DFT coefficients without assuming independent real and imaginary parts}},
    year = {2008},
    journal = {IEEE Signal Processing Letters},
    author = {Erkelens, Jan S. and Hendriks, Richard C. and Heusdens, Richard},
    pages = {213--216},
    volume = {15},
    doi = {10.1109/LSP.2007.911730},
    issn = {10709908},
    keywords = {Complex-discrete Fourier transform (DFT) estimator, Independence assumption, Minimum mean-square error estimation}
}

@article{Abe2013Multi-modalSignal,
    title = {{Multi-modal Voice Activity Detection by Embedding Image Features into Speech Signal}},
    year = {2013},
    journal = {2013 Ninth International Conference on Intelligent Information Hiding and Multimedia Signal Processing},
    author = {Abe, Yohei and Ito, Akinori},
    pages = {271--274},
    url = {http://www.scopus.com/inward/record.url?eid=2-s2.0-84904489372{\&}partnerID=tZOtx3y1},
    isbn = {978-0-7695-5120-3},
    doi = {10.1109/IIH-MSP.2013.76},
    keywords = {audio-visual, information hiding, multi-modal, voice activity detection (VAD)}
}

@article{Safie2015VOICE,
    title = {{VOICE ACTIVITY DETECTION ( VAD ) USING BIPOLAR PULSE ACTIVE ( BPA )}},
    year = {2015},
    author = {Safie, Sairul and Soraghan, John J and Petropoulakis, Lykourgos},
    pages = {1--6},
    isbn = {9781479972531}
}

@article{MoritaSignalDetection,
    title = {{Signal to Noise Ratio Estimation Based on An Optimal Design of Subband Voice Activity Detection}},
    author = {Morita, Shota and Lu, Xugang and Unoki, Masashi},
    pages = {1--5}
}

@article{Yoo2015Formant-BasedDetection,
    title = {{Formant-Based Robust Voice Activity Detection}},
    year = {2015},
    journal = {IEEE/ACM Transactions on Audio, Speech, and Language Processing},
    author = {Yoo, In-Chul and Lim, Hyeontaek and Yook, Dongsuk},
    number = {12},
    pages = {2238--2245},
    volume = {23},
    url = {http://ieeexplore.ieee.org/lpdocs/epic03/wrapper.htm?arnumber=7239555},
    doi = {10.1109/TASLP.2015.2476762},
    issn = {2329-9290}
}

@article{Rabiner1974AnUtterances,
    title = {{An algorithm for determining the endpoint of isolated utterances}},
    year = {1974},
    journal = {American Telephone and Telegraph Company, THE DELL SYSTEM TECHNICAL JOCBSAL},
    author = {Rabiner, L. and Sambur, M.},
    number = {February},
    volume = {54},
    doi = {10.1002/j.1538-7305.1975.tb02840.x},
    issn = {00058580}
}

@article{Benesty2008AReduction,
    title = {{A minimum speech distortion multichannel algorithm for noise reduction}},
    year = {2008},
    journal = {ICASSP, IEEE International Conference on Acoustics, Speech and Signal Processing - Proceedings},
    author = {Benesty, Jacob and Chen, Jingdong and Huang, Yiteng},
    pages = {321--324},
    isbn = {1424414849},
    doi = {10.1109/ICASSP.2008.4517611},
    issn = {15206149},
    keywords = {Beamforming, Microphone arrays, Noise reduction, Speech enhancement}
}

@article{Luo1994AReverberation,
    title = {{A speech separation system that is robust to reverberation}},
    year = {1994},
    journal = {Proceedings of ICSIPNN '94. International Conference on Speech, Image Processing and Neural Networks},
    author = {Luo, H.Y. and Denbigh, P.N.},
    number = {April},
    pages = {339--342},
    isbn = {0-7803-1865-X},
    doi = {10.1109/SIPNN.1994.344897}
}

@article{Carvajal2013EvaluationQuality,
    title = {{Evaluation of the parameters of spectral subtraction techniques and its effects on speech signal quality}},
    year = {2013},
    journal = {Image, Signal Processing, and Artificial Vision (STSIVA), 2013 XVIII Symposium of},
    author = {Carvajal, H A and Garcia, N},
    pages = {1--5},
    isbn = {VO -},
    doi = {10.1109/STSIVA.2013.6644918},
    keywords = {Itakura-Saito Distance, Noise measurement, Noise suppression, Oversubtraction factor, Pollution measurement, Signal to noise ratio, Spectral subtraction, Speech, Speech enhancement}
}

@article{Adiono2013ASystem,
    title = {{A hardware-software co-design for a real-time spectral subtraction based noise cancellation system}},
    year = {2013},
    journal = {Intelligent Signal Processing and Communications Systems (ISPACS), 2013 International Symposium on},
    author = {Adiono, T and Purwita, A A and Haryadi, R and Mareta, R and Priandana, E R},
    pages = {5--10},
    isbn = {VO  -},
    doi = {10.1109/ISPACS.2013.6704513},
    keywords = {AMBA, Codecs, Computer architecture, DMA architecture design, Delays, FFT, Hardware, LEON3, LEON3 processor, Noise, Noise Cancelling, SPARC-V8, Software, Software algorithms, Spectral Subtraction, burst transfer, fast Fourier transforms, floating point arithmetic co-processor, hanning windowing filter, hardware modules, hardware-software co-design, hardware-software codesign, high speed AMBA, integrated circuit noise, logic design, logic size, microprocessor chips, noise cancellation system, processing delay, real-time spectral subtraction, software processing, spectral subtraction algorithm, speed performance}
}

@article{Islam2014SpeechMethod,
    title = {{Speech Enhancement Based on a Modified Spectral Subtraction Method}},
    year = {2014},
    author = {Islam, T and Shahnaz, C and Fattah, S A},
    number = {3},
    pages = {1085--1088},
    isbn = {9781479941322}
}

@article{Wan2013RobustSubtraction,
    title = {{Robust speech recognition based on multi-band spectral subtraction}},
    year = {2013},
    journal = {Image and Signal Processing (CISP), 2013 6th International Congress on},
    author = {Wan, Yi-Long and Zhang, Tian-Qi and Wang, Zhi-Chao and Jin, Jing},
    number = {Cisp},
    pages = {36--40},
    volume = {01},
    isbn = {9781479927647},
    doi = {10.1109/CISP.2013.6744019},
    keywords = {feature extraction;signal denoising;speech enhance}
}

@article{Ortega-Garcia1996AutomaticRecognition,
    title = {{Automatic Speaker Recognition}},
    year = {1996},
    journal = {In Proceedings of the Fourth International Conference on Spoken Language (ICSLP 96)},
    author = {Ortega-Garcia, J. and Gonzalez-Rodriguez, J. and {J. Ortega-Garcia}},
    pages = {929--932},
    volume = {2},
    isbn = {0-7803-3555-4},
    doi = {10.1109/ICSLP.1996.607754},
    keywords = {acoustic noise, automatic speaker recognition, clean speech sample, dual-channel speech enhancement techniques, ergodic HMM-based speaker recognizer, hidden Markov models, multi-channel speech enhancement techniques, performance degradation, single-channel speech enhancement techniques, speaker identification systems, speaker recognition, speech enhancement techniques, speech enhancementacoustic degradation, testing phases, training phases}
}

@article{othersSpeechArt,
    title = {{Speech Enhancement Techniques: State of Art}},
    journal = {Speech enhancement Techniques: State of Art},
    author = {{others}}
}

@article{Jeub2011AFields,
    title = {{A semi-analytical model for the binaural coherence of noise fields}},
    year = {2011},
    journal = {IEEE Signal Processing Letters},
    author = {Jeub, Marco and D{\"{o}}rbecker, Matthias and Vary, Peter},
    number = {3},
    pages = {197--200},
    volume = {18},
    doi = {10.1109/LSP.2011.2108284},
    issn = {10709908},
    keywords = {Binaural, Kirchhoff diffraction theory, head shadowing, head-related, noise field coherence}
}

@article{LeBouquin1992UsingReduction,
    title = {{Using the coherence function for noise reduction}},
    year = {1992},
    journal = {IEE Proceedings I Communications, Speech and Vision},
    author = {Le Bouquin, R. and Faucon, G.},
    number = {3},
    pages = {276},
    volume = {139},
    isbn = {0956-3776},
    doi = {10.1049/ip-i-2.1992.0038},
    issn = {09563776}
}

@article{Jeub2012NoiseDifferences,
    title = {{Noise reduction for dual-microphone mobile phones exploiting power level differences}},
    year = {2012},
    journal = {ICASSP, IEEE International Conference on Acoustics, Speech and Signal Processing - Proceedings},
    author = {Jeub, Marco and Herglotz, Christian and Nelke, Christoph and Beaugeant, Christophe and Vary, Peter},
    pages = {1693--1696},
    isbn = {9781467300469},
    doi = {10.1109/ICASSP.2012.6288223},
    issn = {15206149},
    keywords = {Noise reduction, dual-channel, noise estimation, power level difference, speech enhancement}
}

@article{Lee2014ChannelPhones,
    title = {{Channel Prediction-Based Noise Reduction Algorithm for Dual-Microphone Mobile Phones}},
    year = {2014},
    author = {Lee, Keunsang and Cho, Joseph and Park, Youngcheol},
    pages = {393--401}
}

@article{Dorbecker1996CombinationDereverberation,
    title = {{Combination of Two-Channel Spectral Subtraction and Adaptive Wiener Post-Filtering for Noise Reduction and Dereverberation}},
    year = {1996},
    journal = {European Signal Processing Conference},
    author = {Dorbecker, Matthias and Ernst, Stefan},
    volume = {1},
    url = {http://www.eurasip.org/Proceedings/Eusipco/1996/paper/psp{\_}9.pdf}
}

@article{Harris2002EnergyCues,
    title = {{Energy redistribution speech intelligibility enhancement, vocalic and transitional cues}},
    year = {2002},
    journal = {FIRST PAN-AMERICAN/IBERIAN MEETING ON ACOUSTICS},
    author = {Harris, John G and Skowronski, Mark D}
}

@article{Choi2014Dual-MicrophoneRatio,
    title = {{Dual-Microphone Voice Activity Detection Technique Based on Two-Step Power Level Difference Ratio}},
    year = {2014},
    author = {Choi, Jae-hun and Chang, Joon-hyuk and Member, Senior},
    number = {6},
    pages = {1069--1081},
    volume = {22}
}

@article{Tohkura1987ARecognition,
    title = {{A weighted cepstral distance measure for speech recognition}},
    year = {1987},
    journal = {IEEE Transactions on Acoustics, Speech, and Signal Processing},
    author = {Tohkura, Yoh Ichi},
    number = {10},
    pages = {1414--1422},
    volume = {35},
    doi = {10.1109/TASSP.1987.1165058},
    issn = {00963518}
}

@article{Yousefian2009PowerEnhancement,
    title = {{Power level difference as a criterion for speech enhancement}},
    year = {2009},
    journal = {ICASSP, IEEE International Conference on Acoustics, Speech and Signal Processing - Proceedings},
    author = {Yousefian, Nima and Rahmani, Mohsen and Akbari, Ahmad},
    pages = {4653--4656},
    isbn = {9781424423545},
    doi = {10.1109/ICASSP.2009.4960668},
    issn = {15206149},
    keywords = {Noise suppression, Non-stationary noise, Power of signal}
}

@article{Hu2008EvaluationEnhancement,
    title = {{Evaluation of Objective Quality Measures for Speech Enhancement}},
    year = {2008},
    journal = {Audio, Speech, and Language Processing, IEEE Transactions on},
    author = {Hu, Yi and Loizou, P C},
    number = {1},
    pages = {229--238},
    volume = {16},
    isbn = {1558-7916},
    doi = {10.1109/TASL.2007.911054},
    issn = {1558-7916},
    keywords = {correlation methods distortion interference suppre}
}

@article{Sharma2014AMeasure,
    title = {{A non-intrusive PESQ measure}},
    year = {2014},
    journal = {2014 IEEE Global Conference on Signal and Information Processing, GlobalSIP 2014},
    author = {Sharma, Dushyant and Meredith, Lisa and Lainez, Jose and Barreda, Daniel and Naylor, Patrick A.},
    pages = {975--978},
    isbn = {9781479970889},
    doi = {10.1109/GlobalSIP.2014.7032266},
    keywords = {CART, Non-intrusive, PESQ, Speech quality}
}

@article{Doclo2004EfficientReduction,
    title = {{Efficient Frequency-Domain Implementation of Speech Distortion Weighted Multi-Channel Wiener Filtering for Noise Reduction}},
    year = {2004},
    journal = {European Signal Processing Conference (EUSIPCO)},
    author = {Doclo, Simon and Spriet, Ann and Moonen, Marc},
    pages = {2007--2010}
}

@article{PeiCheeYongSvenNordholm2012NoiseSmoothong,
    title = {{Noise Estimation Based on Soft Decisions and Conditional Smoothong}},
    year = {2012},
    author = {Pei Chee Yong, Sven Nordholm, Hai Huyen Dam Curtin},
    number = {September},
    pages = {4--6}
}

@article{VanDun2007Multi-ChannelDetection,
    title = {{Multi-Channel Wiener Filtering Based Auditory Steady-State Response Detection}},
    year = {2007},
    journal = {2007 IEEE International Conference on Acoustics, Speech and Signal Processing - ICASSP '07},
    author = {Van Dun, Bram and Wouters, Jan and Moonen, Marc},
    pages = {II-929-II-932},
    volume = {2},
    isbn = {1-4244-0727-3},
    doi = {10.1109/ICASSP.2007.366389},
    issn = {1520-6149},
    keywords = {Auditory system, Electroencephalography, Frequency modulation, Hearing aids, Independent component analysis, LQ factorisation, Pediatrics, Performance evaluation, Signal to noise ratio, Steady-state, Wiener filter, Wiener filters, audiometric frequencies, auditory steady-state response, auditory steady-state response detection, channel bank filters, electroencephalogram, electroencephalography, five-channel recordings, frequency specific technique, hearing, hearing threshold estimation, multi-channel Wiener filtering, multichannel Wiener filtering, multichannel electroencephalogram, scale clinical application}
}

@article{Araki2011HybridFilter,
    title = {{Hybrid approach for multichannel source separation combining time-frequency mask with multi-channel Wiener filter}},
    year = {2011},
    journal = {ICASSP, IEEE International Conference on Acoustics, Speech and Signal Processing - Proceedings},
    author = {Araki, Shoko and Nakatani, Tomohiro},
    pages = {225--228},
    isbn = {9781457705397},
    doi = {10.1109/ICASSP.2011.5946381},
    issn = {15206149},
    keywords = {EM algorithm, Source separation, multi-channel Wiener filter, source number estimation, time-frequency mask}
}

@article{2015EEGJapan,
    title = {{EEG SIGNAL ENHANCEMENT USING MULTI-CHANNEL WIENER FILTER WITH A SPATIAL CORRELATION PRIOR Graduate School of Information Science Nara Institute of Science and Technology ( NAIST ), Japan}},
    year = {2015},
    pages = {2639--2643},
    isbn = {9781467369978}
}

@article{Parchami2015ASmoothing,
    title = {{A new algorithm for noise PSD matrix estimation in multi-microphone speech enhancement based on recursive smoothing}},
    year = {2015},
    journal = {Proceedings - IEEE International Symposium on Circuits and Systems},
    author = {Parchami, Mahdi and Zhu, Wei Ping and Champagne, Benoit},
    number = {1},
    pages = {429--432},
    volume = {2015-July},
    isbn = {9781479983919},
    doi = {10.1109/ISCAS.2015.7168662},
    issn = {02714310},
    keywords = {Microphone array, noise PSD matrix estimation, noise reduction, speech enhancement}
}

@article{Yong2011OnEnhancement,
    title = {{On the optimization of sigmoid function for speech enhancement}},
    year = {2011},
    journal = {European Signal Processing Conference},
    author = {Yong, Pei Chee and Nordholm, Sven and Dam, Hai Huyen and Low, Siow Yong},
    number = {Eusipco},
    pages = {211--215},
    issn = {22195491}
}

@article{Yong2013OptimizationEnhancement,
    title = {{Optimization and evaluation of sigmoid function with a priori SNR estimate for real-time speech enhancement}},
    year = {2013},
    journal = {Speech Communication},
    author = {Yong, Pei Chee and Nordholm, Sven and Dam, Hai Huyen},
    number = {2},
    pages = {358--376},
    volume = {55},
    publisher = {Elsevier B.V.},
    url = {http://dx.doi.org/10.1016/j.specom.2012.09.004},
    doi = {10.1016/j.specom.2012.09.004},
    issn = {01676393},
    keywords = {Decision-directed approach, Objective evaluation, SNR estimation, Sigmoid function, Speech enhancement}
}

@article{Wolff2011AEnvironments,
    title = {{A practical beamformer-postfilter system for adaptive speech enhancement in non-stationary noise environments}},
    year = {2011},
    journal = {2011 Joint Workshop on Hands-free Speech Communication and Microphone Arrays, HSCMA'11},
    author = {Wolff, Tobias and Buck, Markus},
    pages = {159--160},
    isbn = {9781457709999},
    doi = {10.1109/HSCMA.2011.5942387},
    keywords = {Beamforming, Multi-Channel Speech Enhancement, Spatial Postfilter}
}

@article{Esch2009EFFICIENTSYSTEMS,
    title = {{EFFICIENT MUSICAL NOISE SUPPRESSION FOR SPEECH ENHANCEMENT SYSTEMS}},
    year = {2009},
    journal = {System},
    author = {Esch, Thomas and Vary, Peter},
    pages = {4409--4412},
    volume = {2},
    isbn = {9781424423545}
}

@article{Martin2001NoiseStatistics,
    title = {{Noise power spectral density estimation based on optimal smoothing and minimum statistics}},
    year = {2001},
    journal = {Speech and Audio Processing, IEEE Transactions on},
    author = {Martin, R},
    number = {5},
    pages = {504--512},
    volume = {9},
    doi = {10.1109/89.928915},
    issn = {1063-6676},
    keywords = {Acoustic noise, Background noise, Detectors, Estimation error, Frequency, Signal to noise ratio, Smoothing methods, Speech enhancement, Speech processing, Statistics, acoustic noise, conditional mean square estimation error criterion, least mean squares methods, low bit rate speech coding, minimum statistics, noise power spectral density estimate, noisy speech signal, nonstationary noise, optimal smoothing, optimal smoothing parameter, optimally smoothed power spectral density estimate, parameter estimation, power spectral density, real time implementation, recursive smoothing, smoothing methods, spectral analysis, spectral minima, speech coding, speech enhancement, speech enhancement algorithm, tracking, unbiased noise estimator}
}

@article{Spriet2005StochasticAids,
    title = {{Stochastic gradient-based implementation of Spatially Preprocessed Speech Distortion Weighted Multichannel Wiener filtering for noise reduction in hearing aids}},
    year = {2005},
    journal = {IEEE Transactions on Signal Processing},
    author = {Spriet, Ann and M., Moonen and J., Wouters},
    number = {3},
    pages = {911--925},
    volume = {53},
    url = {http://www.scopus.com/inward/record.url?eid=2-s2.0-14844352897{\&}partnerID=40{\&}md5=6972bcc3b716e68ee1e2e13147bbb106},
    doi = {10.1109/TSP.2004.842182},
    issn = {1053587X (ISSN)},
    keywords = {Algorithms, Computational complexity, Digital filters, Frequency domain analysis, Generalized sidelobe canceller, Gradient methods, Hearing aids, Multichannel Wiener filtering, Noise abatement, Random processes, Robust adaptive beamforming, Signal distortion, Signal filtering and prediction, Speech enhancement, Speech intelligibility, Speech processing, Stochastic gradient based algorithms, Stochastic gradient-based algorithms}
}

@article{Souden2010OnReduction,
    title = {{On optimal frequency-domain multichannel linear filtering for noise reduction}},
    year = {2010},
    journal = {IEEE Transactions on Audio, Speech and Language Processing},
    author = {Souden, Mehrez and Benesty, Jacob and Affes, Sofiène},
    number = {2},
    pages = {260--276},
    volume = {18},
    isbn = {1558-7916 VO  - 18},
    doi = {10.1109/TASL.2009.2025790},
    issn = {15587916},
    pmid = {5089420},
    keywords = {Generalized sidelobe canceller (GSC), Microphone arrays, Minimum variance distortionless response (MVDR), Noise reduction, Parameterized non-causal multichannel Wiener filte, Speech distortion}
}

@article{V2010SpeechNetworks,
    title = {{Speech and multimedia Transmission Quality ( STQ ); Audiovisual QoS for communication over IP networks}},
    year = {2010},
    author = {V, Etsi E S},
    pages = {1--70},
    volume = {5}
}

@article{EuropeanStandard1999DigitalSystem,
    title = {{Digital Cellular Telecomunications System}},
    year = {1999},
    journal = {Global System for Mobile communications},
    author = {{European Standard}},
    pages = {1--52},
    volume = {2},
    keywords = {communications, digital cellular telecommunications system, global system for mobile, gsm}
}

@book{Hansler2004AcousticApproach,
    title = {{Acoustic Echo and Noise Control A Practical Approach}},
    year = {2004},
    author = {H{\"{a}}nsler, Eberhard and Schmidt, Gerhard},
    pages = {360--369},
    address = {New Jersey}
}

@article{SPPYONG,
author = {{Pei Chee Yong, Sven Nordholm}, Hai Huyen Dam Curtin},
file = {:Users/ivanarevalo/Library/Application Support/Mendeley Desktop/Downloaded/Pei Chee Yong, Sven Nordholm - 2012 - Noise Estimation Based on Soft Decisions and Conditional Smoothong.pdf:pdf},
number = {September},
pages = {4--6},
title = {{Noise Estimation Based on Soft Decisions and Conditional Smoothong}},
year = {2012}
}

@book{Loizou,
author = {Loizou, Philipos C.},
file = {:Users/ivanarevalo/Documents/Tesis/pappers/755610113.pdf:pdf},
keywords = {PESQdoc},
title = {{Speech Enhancement, theory and practice}},
volume = {Second edi}
}

